@misc{python,
  author       = {Fondation Python Software},
  title        = {Langage de programmation Python},
  year         = {2023},
  howpublished = {\url{https://www.python.org}},
  note         = {Consulté le 8 novembre 2024}
}
@misc{pytorch,
  author       = {Paszke, Adam and Gross, Sam and Massa, Francisco and Lerer, Adam and Bradbury, James and Chanan, Gregory and Killeen, Trevor and Lin, Zeming and Gimelshein, Natalia and Antiga, Luca and Desmaison, Alban and Kopf, Andreas and Yang, Edward and DeVito, Zachary and Raison, Martin and Tejani, Alykhan and Chilamkurthy, Sasank and Steiner, Benoit and Fang, Lu and Bai, Junjie and Chintala, Soumith},
  title        = {PyTorch},
  year         = {2019},
  howpublished = {\url{https://pytorch.org}},
  note         = {Consulté le 8 novembre 2024}
}

@misc{pytorch_gru,
  title        = {torch.nn.GRU},
  author       = {PyTorch Contributors},
  year         = {2024},
  howpublished = {\url{https://pytorch.org/docs/stable/generated/torch.nn.GRU.html}}
}